@BOOK{Lamport86,
TITLE = "{LaTeX} --- a document preparation system --- user's guide
and reference manual",
AUTHOR = "Lamport, L.",
PUBLISHER = "Addison-Wesley",
YEAR = "1986"}

@REPORT{Moore95,
TITLE = "How to prepare a dissertation in LaTeX",
AUTHOR = "Moore, S.W.",
YEAR = "1995"}

@inproceedings{pearce2001evaluation,
  title={Towards a framework for the evaluation of machine compositions},
  author={Pearce, Marcus and Wiggins, Geraint},
  booktitle={Proceedings of the AISB'01 Symposium on Artificial Intelligence and Creativity in the Arts and Sciences},
  pages={22--32},
  year={2001},
  organization={Citeseer}
}

@inproceedings{conklin2003music,
  title={Music generation from statistical models},
  author={Conklin, Darrell},
  booktitle={Proceedings of the AISB 2003 Symposium on Artificial Intelligence and Creativity in the Arts and Sciences},
  pages={30--35},
  year={2003},
  organization={Citeseer}
}

@article{allan2005chorales,
  title={Harmonising chorales by probabilistic inference},
  author={Allan, Moray and Williams, Christopher KI},
  journal={Advances in neural information processing systems},
  volume={17},
  pages={25--32},
  year={2005}
}

@inproceedings{whorley2015improved,
  title={Improved iterative random walk for four-part harmonization},
  author={Whorley, Raymond and Conklin, Darrell},
  booktitle={International Conference on Mathematics and Computation in Music},
  pages={64--70},
  year={2015},
  organization={Springer}
}

@inproceedings{phon2002computational,
  title={A computational model for chorale harmonisation in the style of JS Bach},
  author={Phon-Amnuaisuk, Somnuk and Smaill, Alan and Wiggins, Geraint},
  booktitle={Proceedings of ICMPC7 (the 7th International Conference on Music Perception and Cognition), Sydney, Australia},
  year={2002}
}

@inproceedings{phon1999four,
  title={The four-part harmonisation problem: a comparison between genetic algorithms and a rule-based system},
  author={Phon-Amnuaisuk, Somnuk and Wiggins, Geraint},
  booktitle={Proceedings of the AISBâ€™99 Symposium on Musical Creativity},
  pages={28--34},
  year={1999}
}

@inproceedings{farbood2001palestrina,
  title={Analysis and synthesis of Palestrina-style counterpoint using Markov chains},
  author={Farbood, Mary and Schoner, Bernd},
  booktitle={Proceedings of the International Computer Music Conference},
  pages={471--474},
  year={2001}
}

@article{ames1989markov,
  title={The Markov process as a compositional model: A survey and tutorial},
  author={Ames, Charles},
  journal={Leonardo},
  pages={175--187},
  year={1989},
  publisher={JSTOR}
}

@article{conklin1995viewpoints,
  title={Multiple viewpoint systems for music prediction},
  author={Conklin, Darrell and Witten, Ian H},
  journal={Journal of New Music Research},
  volume={24},
  number={1},
  pages={51--73},
  year={1995},
  publisher={Taylor \& Francis}
}

@article{whorley2016music,
  title={Music Generation from Statistical Models of Harmony},
  author={Whorley, Raymond P and Conklin, Darrell},
  journal={Journal of New Music Research},
  volume={45},
  number={2},
  pages={160--183},
  year={2016},
  publisher={Taylor \& Francis}
}

@article{eck2002lstm,
  title={A first look at music composition using lstm recurrent neural networks},
  author={Eck, Douglas and Schmidhuber, Juergen},
  journal={Istituto Dalle Molle Di Studi Sull Intelligenza Artificiale},
  volume={103},
  year={2002}
}

@phdthesis{whorley2013phd,
  title={The construction and evaluation of statistical models of melody and harmony},
  author={Whorley, Raymond Peter and others},
  year={2013},
  school={Goldsmiths, University of London}
}
